@book{pierce2002types,
  title={Types and programming languages},
  author={Pierce, Benjamin C},
  year={2002},
  publisher={MIT press}
}

@inproceedings{brown2016breaking,
  title={Breaking through the normalization barrier: a self-interpreter for F-omega},
  author={Brown, Matt and Palsberg, Jens},
  booktitle={Proceedings of the 43rd Annual ACM SIGPLAN-SIGACT Symposium on Principles of Programming Languages},
  pages={5--17},
  year={2016}
}

@misc{
    brilliant,
    title={Halting problem}, url={https://brilliant.org/wiki/halting-problem/}, journal={Brilliant Math &amp; Science Wiki}
} 

@misc{
    godel,
    title={GÃ¶del Number},
    author={Sakharov, Alex and Weisstein, Eric W},
    publisher={MathWorld--A Wolfram Web Resource}
}

@misc{
    lambdavending,
    title={Lambda Calculus Vending Machine}, 
    url={https://crypto.stanford.edu/~blynn/lambda/pts.html},
    journal={Lambda calculus - Lambda calculus vending machine}
}

@article{tarski1936concept,
  title={The concept of truth in formalized languages},
  author={Tarski, Alfred},
  year={1936}
}

@article{rojas2015tutorial,
  title={A tutorial introduction to the lambda calculus},
  author={Rojas, Ra{\'u}l},
  journal={arXiv preprint arXiv:1503.09060},
  year={2015}
}